@article{eidinger2014age,
  title={Age and gender estimation of unfiltered faces},
  author={Eidinger, Eran and Enbar, Roee and Hassner, Tal},
  journal={IEEE Transactions on Information Forensics and Security},
  volume={9},
  number={12},
  pages={2170--2179},
  year={2014},
  publisher={IEEE}
}
